% \bibitem{c1} Brown et al

% \bibitem{c2} Ame, C. Rivault, and J. Deneubourg, ``Cockroach aggregation based on strain odour recognition,''Animal Behav., vol. 68, pp. 793–801,2004.

% \bibitem{c3} A. B. Sendova-Franks, S. R. Scholes, N. R. Franks, and C. Melhuis,``Brood sorting by ants: Two phases and differential diffusion,'' AnimalBeh., vol. 68, pp. 1095–1106, 2004.

% \bibitem{c4} Segregation  of  Heterogeneous  Unitsin a Swarm of Robotic AgentsManish Kumar, Devendra P. Garg, and Vijay Kumar. TODO: these should all be moved to a bibtex

% \bibitem{c5} A  Minimalistic  Approach  to  Segregationin  Robot  SwarmsPeter Mitrano1, Jordan Burklund1, Michael Giancola1, Carlo Pinciroli1

% \bibitem{c6} Segregation of Multiple Heterogeneous Units in a Robotic SwarmVinicius Graciano SantosLuciano C. A. PimentaLuiz Chaimowicz


@Inbook{c1,
author= {"Brown, Daniel S.
and Turner, Ryan
and Hennigh, Oliver
and Loscalzo, Steven"},
title="Discovery and Exploration of Novel Swarm Behaviors Given Limited Robot Capabilities",
year="2018",
publisher="Springer International Publishing",
address="Cham",
pages="447--460",
isbn="978-3-319-73008-0",
doi="10.1007/978-3-319-73008-0_31",
url="https://doi.org/10.1007/978-3-319-73008-0_31"
}

@article{c2,
  title={Cockroach aggregation based on strain odour recognition},
  author={Ame, Jean-Marc and Rivault, Colette and Deneubourg, Jean-Louis},
  journal={Animal behaviour},
  volume={68},
  number={4},
  pages={793--801},
  year={2004},
  publisher={Elsevier}
}

@article{c3,
  title={Brood sorting by ants: two phases and differential diffusion},
  author={Sendova-Franks, Ana B and Scholes, Samuel R and Franks, Nigel R and Melhuish, Chris},
  journal={Animal Behaviour},
  volume={68},
  number={5},
  pages={1095--1106},
  year={2004},
  publisher={Elsevier}
}

@article{c4,
  title={Segregation of heterogeneous units in a swarm of robotic agents},
  author={Kumar, Manish and Garg, Devendra P and Kumar, Vijay},
  journal={IEEE transactions on automatic control},
  volume={55},
  number={3},
  pages={743--748},
  year={2010},
  publisher={IEEE}
}

@article{c5,
  title={A Minimalistic Approach to Segregation in Robot Swarms},
  author={Mitrano, Peter and Burklund, Jordan and Giancola, Michael and Pinciroli, Carlo},
  journal={arXiv preprint arXiv:1901.10423},
  year={2019}
}

@article{c6,
  title={Segregation of Multiple Heterogeneous Units in a Robotic Swarm},
  author={Graciano, Vinicius and Luciano, Santos and Pimenta, CA and Chaimowicz, Luiz},
  publisher={Citeseer}
}
